@ARTICLE{BRZ,
  AUTHOR =       {{Bandi Federico, Jeffrey Russell, and Yinghua Zhu}},
  TITLE =        {Using high-frequency data in dynamic portfolio choice},
  JOURNAL =      {Econometric Reviews},
  YEAR =         {2008},
  volume =       {27},
  number =       {1-3},
  pages =        {163-198}
}

@ARTICLE{BB04,
  AUTHOR =       {{Bank Peter and Dietmar Baum}},
  TITLE =        {Hedging and portfolio optimization in financial markets with a large trader},
  JOURNAL =      {Math. Finance},
  YEAR =         {2004},
  volume =       {14},
  number =       {1},
  pages =        {1-18}
}

@ARTICLE{BK15a,
  AUTHOR =       {{Bank Peter and Dmitry Kramkov}},
  TITLE =        {{A model for a large investor trading at market indifference prices. I: single-period case}},
  JOURNAL =      {Finance and Stochastics},
  YEAR =         {2015},
  volume =       {19},
  number =       {2},
  pages =        {449-472}
}

@ARTICLE{BK15b,
  AUTHOR =       {{Bank Peter and Dmitry Kramkov}},
  TITLE =        {A large model for a large investor trading at market indifference prices II: continuous-time case},
  JOURNAL =      {The Annals of Applied Probability},
  YEAR =         {2015},
  volume =       {25},
  number =       {5},
  pages =        {2708-2742}
}

@ARTICLE{BS73,
  AUTHOR =       {{Black Fischer and Myron Scholes}},
  TITLE =        {The pricing of options and corporate liabilities},
  JOURNAL =      {The Journal of Political Economy},
  YEAR =         {1973},
  volume =       {8},
  number =       {3},
  pages =        {217-224}
}

@ARTICLE{BLT06,
  AUTHOR =       {{Bollerslev Tim, Julia Litvinova, and George Tauchen}},
  TITLE =        {{Leverage and volatility feedback effects in high-frequency data}},
  JOURNAL =      {Journal of Financial Econometrics},
  YEAR =         {1973},
  volume =       {81},
  number =       {3},
  pages =        {637-654}
}

@book{CT06,
  author    = {{Carmona Ren\'{e} and Michael Tehranchi}},
  title     = {Interest Rate Models: and Infinite Dimensional Stochastic Analysis Perspective},
  publisher = {Springer-Verlag},
  year      = {2006}
}

@ARTICLE{CJP04,
  AUTHOR =       {{\c{C}etin Umut, Robert Jarrow, Philip Protter}},
  TITLE =        {Liquidity risk and arbitrage pricing theory},
  JOURNAL =      {Finance and Stochastics},
  YEAR =         {2004},
  volume =       {8},
  number =       {3},
  pages =        {311-341}
}

@ARTICLE{CR07,
  AUTHOR =       {{\c{C}etin Umut and Chris Rogers}},
  TITLE =        {Modeling liquidity effects in discrete time},
  JOURNAL =      {Mathematical Finance},
  YEAR =         {2007},
  volume =       {17},
  number =       {},
  pages =        {15-29}
}

@ARTICLE{CST10,
  AUTHOR =       {{\c{C}etin Umut, Mete H. Soner, and Nizar Touzi}},
  TITLE =        {Option hedging for small investors under liquidity costs},
  JOURNAL =      {Finance and Stochastics},
  YEAR =         {2010},
  volume =       {14},
  number =       {3},
  pages =        {317-341}
}


@book{DPZ92,
  author    = {{Da Prato Guiseppe and Jerzy Zabczyk}},
  title     = {Stochastic Equations in Infinite Dimensions},
  publisher = {Cambridge University Press},
  year      = {1992}
}



@ARTICLE{Eng00,
  AUTHOR =       {{Engle Robert}},
  TITLE =        {The econometrics of ultra-high-frequency data},
  JOURNAL =      {Econometrica},
  YEAR =         {2000},
  volume =       {68},
  number =       {1},
  pages =        {1-23}
}

@ARTICLE{Fre98,
  AUTHOR =       {{Frey R\"{u}diger}},
  TITLE =        {Perfect option hedging for a large trader},
  JOURNAL =      {Finance and Stochastics},
  YEAR =         {1998},
  volume =       {2},
  number =       {3},
  pages =        {115-141}
}

@ARTICLE{GS11,
  AUTHOR =       {{G\"{o}kay Selim and Mete H. Soner}},
  TITLE =        {Hedging in an illiquid binomial market},
  JOURNAL =      {Nonlinear Analysis: Real World Applications},
  YEAR =         {2014},
  volume =       {1},
  number =       {3},
  pages =        {1-16}
}

@ARTICLE{Hau08,
  AUTHOR =       {{Hautsch Nikolaus}},
  TITLE =        {Capturing common components in high-frequency financial time series: A multivariate stochastic multiplicative error model},
  JOURNAL =      {Journal of Economic Dynamics and Control},
  YEAR =         {2008},
  volume =       {32},
  number =       {12},
  pages =        {3978-4015}
}

@ARTICLE{Jar92,
  AUTHOR =       {{Jarrow Robert}},
  TITLE =        {Market manipulation, bubbles, corners and short squeezes},
  JOURNAL =      {Journal of Financial and Quantitative Analysis},
  YEAR =         {1992},
  volume =       {27},
  number =       {3},
  pages =        {311-336}
}

@ARTICLE{Jar94,
  AUTHOR =       {{Jarrow Robert}},
  TITLE =        {Derivative securities markets, market manipulation and option pricing theory},
  JOURNAL =      {Journal of Financial and Quantitative Analysis},
  YEAR =         {1994},
  volume =       {29},
  number =       {3},
  pages =        {241-261}
}

@ARTICLE{KR09,
  AUTHOR =       {{Kallsen Jan and Thorsten Rheinl\"{a}nder}},
  TITLE =        {Financial markets with a large trader: an approach via carmona and nualart integration},
  JOURNAL =      {Unpublished},
  YEAR =         {2009}
}

@ARTICLE{Kry09,
  AUTHOR =       {{Krylov Nikolai}},
  TITLE =        {{On the Ito-Wentzell formula for distribution-valued processes and related topics}},
  JOURNAL =      {Probability Theory and Related Fields},
  YEAR =         {2011},
  volume =       {150},
  number =       {1-2},
  pages =        {295-319}
}

@book{Kun97,
  author    = {{Kunita Hiroshi}},
  title     = {Stochastic Flows and Stochastic Differential Equations},
  publisher = {Cambridge University Press},
  year      = {1997}
}


@ARTICLE{Kyl85,
  AUTHOR =       {{Kyle S. Albert}},
  TITLE =        {Continuous auctions and insider trading},
  JOURNAL =      {Econometrica},
  YEAR =         {1985},
  volume =       {53},
  number =       {3},
  pages =        {1315-1335}
}

@ARTICLE{MaS08,
  AUTHOR =       {{Marco Avellaneda and Stoikov Sasha}},
  TITLE =        {High-frequency trading in a limit order book},
  JOURNAL =      {Quantitative Finance},
  YEAR =         {2008},
  volume =       {8},
  number =       {3},
  pages =        {217-224}
}

@ARTICLE{Mue09,
  AUTHOR =       {{Mueller Carl}},
  TITLE =        {Some tools and results for parabolic stochastic partial differential equations},
  JOURNAL =      {{In A minicourse on stochastic partial differential equations - Lectures Notes in Mathematics 1962, Khoshnevisan Davar and Rassoul-Agha Firas}},
  YEAR =         {2009},
  pages =        {111-144}
}

@ARTICLE{PS98a,
  AUTHOR =       {{Papanicolaou George and Ronnie Sircar}},
  TITLE =        {{General Black-Scholes models accounting for increased market volatility from hedging strategies}},
  JOURNAL =      {Applied Mathematical Finance},
  YEAR =         {1998},
  volume =       {5},
  number =       {3},
  pages =        {45-82}
}


@ARTICLE{PS98b,
  AUTHOR =       {{Platen Eckhard and Martin Schweizer}},
  TITLE =        {On feedback effects from hedging derivatives},
  JOURNAL =      {Math. Finance},
  YEAR =         {1998},
  volume =       {8},
  number =       {1},
  pages =        {67-84}
}

@book{PP04,
  author    = {{Protter Philip}},
  title     = {Stochastic integration and differential equations},
  publisher = {Springer},
  year      = {2004}
}


@ARTICLE{RA11,
  AUTHOR =       {{Roch Alexandre}},
  TITLE =        {Liquidity risk, price impacts and the replication problem},
  JOURNAL =      {Finance and Stochastics},
  YEAR =         {2011}
}

@ARTICLE{RS10,
  AUTHOR =       {{Rogers Chris and Surbjeet Singh}},
  TITLE =        {The cost of illiquidity and its effects on hedging},
  JOURNAL =      {Mathematical Finance},
  YEAR =         {2010},
  volume =       {20},
  number =       {4},
  pages =        {597-615}
}

@ARTICLE{Ros09,
  AUTHOR =       {{Rosu Ioanid}},
  TITLE =        {A dynamic model of the limit order book},
  JOURNAL =      {Review of Financial Studies},
  YEAR =         {2009},
  volume =       {22},
  number =       {3},
  pages =        {4601-4641}
}

@ARTICLE{SCS01,
  AUTHOR =       {{Santa-Clara Pedro and Didier Sornette}},
  TITLE =        {The dynamics of the forward interest rate curve with stochastic string shocks},
  JOURNAL =      {The Review of Financial Studies},
  YEAR =         {2001},
  volume =       {14},
  number =       {1},
  pages =        {149-185}
}

@ARTICLE{SW00,
  AUTHOR =       {{Sch\"{o}nbucher J. Philipp and Paul Wilmott}},
  TITLE =        {The feedback effect of hedging in illiquid markets},
  JOURNAL =      {SIAM Journal on Applied Mathematics},
  YEAR =         {2000},
  volume =       {61},
  number =       {2},
  pages =        {232-272}
}

@ARTICLE{Wal86,
  AUTHOR =       {{Walsh John}},
  TITLE =        {An introduction to stochastic partial differential equations},
  JOURNAL =      {Ecole d'Ete de Probabilites de Saint Flour XIV - 1984},
  YEAR =         {1986},
  volume =       {1180},
  pages =        {265-439}
}

@ARTICLE{WW02,
  AUTHOR =       {{Wiswanathan S. and James Wang}},
  TITLE =        {Market architecture: limit-order books versus dealership markets},
  JOURNAL =      {Journal of Financial Markets},
  YEAR =         {2002},
  volume =       {5},
  number =       {2},
  pages =        {127-167}
}
